@misc{JB,
howpublished = {\url{https://en.wikipedia.org/wiki/Jacobi_method}},  
title = {Jacobi method},  
note = {Accessed: 2018-04-12}
}  

@article{PS,
  title={Poisson image editing},
  author={P{\'e}rez, Patrick and Gangnet, Michel and Blake, Andrew},
  journal={ACM Transactions on graphics (TOG)},
  volume={22},
  number={3},
  pages={313--318},
  year={2003},
  publisher={ACM}
}

@misc{PS2,
howpublished = {\url{http://www.ctralie.com/Teaching/PoissonImageEditing/}},
title = {Poisson Image Editing},
note = {Accessed: 2018-04-12},
author = {Christopher J. Tralie}
}

@article{MVC,
  title={Coordinates for instant image cloning},
  author={Farbman, Zeev and Hoffer, Gil and Lipman, Yaron and Cohen-Or, Daniel and Lischinski, Dani},
  journal={ACM Transactions on Graphics (TOG)},
  volume={28},
  number={3},
  pages={67},
  year={2009},
  publisher={ACM}
}

@misc{MVC2,
howpublished = {\url{https://www.csie.ntu.edu.tw/~r00944002/CPHW2/MVC.htm}},
title = {MVC},
note = {Accessed: 2018-06-12},
author = {Kewei Chen and Chenen Wu}
}

